@ARTICLE{Bazin2010,
	author = {{Bazin}, C. and {Koutchmy}, S. and {Tavabi}, E.},
	title = "{The He I and He II chromospheric shells and the Transition Region}",
	journal = {ArXiv e-prints},
	archivePrefix = "arXiv",
	eprint = {1008.0404},
	primaryClass = "astro-ph.SR",
	keywords = {Astrophysics - Solar and Stellar Astrophysics},
	year = 2010,
	month = aug,
	adsurl = {http://adsabs.harvard.edu/abs/2010arXiv1008.0404B},
	adsnote = {Provided by the SAO/NASA Astrophysics Data System}
}



@ARTICLE{Bhardwaj2015,
   author = {{Bhardwaj}, A. and {Dhanya}, M.~B. and {Alok}, A. and {Barabash}, S. and 
	{Wieser}, M. and {Futaana}, Y. and {Wurz}, P. and {Vorburger}, A. and 
	{Holmstr{\"o}m}, M. and {Lue}, C. and {Harada}, Y. and {Asamura}, K.
	},
    title = "{A new view on the solar wind interaction with the Moon}",
  journal = {Geoscience Letters},
archivePrefix = "arXiv",
   eprint = {1511.06687},
 primaryClass = "physics.space-ph",
 keywords = {Moon, Solar wind, ENAs, Plasma, Mini-magnetosphere, Lunar wake, Pickup ions, SARA, CENA, SWIM, Chandrayaan-1, Kaguya, Chang'E-1, ARTEMIS, IBEX},
     year = 2015,
    month = dec,
   volume = 2,
      eid = {10},
    pages = {10},
      doi = {10.1186/s40562-015-0027-y},
   adsurl = {http://adsabs.harvard.edu/abs/2015GSL.....2...10B},
  adsnote = {Provided by the SAO/NASA Astrophysics Data System}
}


@ARTICLE{PereiraIRIS2014,
	author = {{Pereira}, T.~M.~D. and {De Pontieu}, B. and {Carlsson}, M. and 
	{Hansteen}, V. and {Tarbell}, T.~D. and {Lemen}, J. and {Title}, A. and 
	{Boerner}, P. and {Hurlburt}, N. and {W{\"u}lser}, J.~P. and 
	{Mart{\'{\i}}nez-Sykora}, J. and {Kleint}, L. and {Golub}, L. and 
	{McKillop}, S. and {Reeves}, K.~K. and {Saar}, S. and {Testa}, P. and 
	{Tian}, H. and {Jaeggli}, S. and {Kankelborg}, C.},
	title = "{An Interface Region Imaging Spectrograph First View on Solar Spicules}",
	journal = {\apjl},
	archivePrefix = "arXiv",
	eprint = {1407.6360},
	primaryClass = "astro-ph.SR",
	keywords = {Sun: atmosphere, Sun: chromosphere, Sun: transition region },
	year = 2014,
	month = sep,
	volume = 792,
	eid = {L15},
	pages = {L15},
	doi = {10.1088/2041-8205/792/1/L15},
	adsurl = {http://adsabs.harvard.edu/abs/2014ApJ...792L..15P},
	adsnote = {Provided by the SAO/NASA Astrophysics Data System}
}


@ARTICLE{Schmelz2013,
	author = {{Schmelz}, J.~T. and {Jenkins}, B.~S. and {Kimble}, J.~A.},
	title = "{Atmospheric Imaging Assembly Response Functions: Solving the Fe viii Problems with Hinode EIS Bright Point Data}",
	journal = {\solphys},
	archivePrefix = "arXiv",
	eprint = {1301.1929},
	primaryClass = "astro-ph.SR",
	keywords = {Sun: corona, Sun: UV radiation, Sun: fundamental parameters},
	year = 2013,
	month = apr,
	volume = 283,
	pages = {325-340},
	doi = {10.1007/s11207-012-0208-1},
	adsurl = {http://adsabs.harvard.edu/abs/2013SoPh..283..325S},
	adsnote = {Provided by the SAO/NASA Astrophysics Data System}
}


@ARTICLE{Wollaston1802,
	author = {{Wollaston}, W. H.},
	title = "{A Method of Examining Refractive and Dispersive Powers, by Prismatic Reflection}",
	journal = {Philosophical Transactions},
	year = 1802
	month = jan,
	volume = 92
	pages = {365-380},
}

